@online{
pathak:cnnGeekflare,
author = { Amrita Pathak },
title = {Convolutional Neural Networks (CNNs): Eine Einführung },
year = {24.09.2023},
url = {https://geekflare.com/de/convolutional-neural-networks/},
publisher = {Geekflare},
note = {Accessed on 23 November 2023},
}

@online{
ibm:cnnIBM,
author = { ibm },
title = {What are convolutional neural networks? },
publisher = {IBM},
url = {https://www.ibm.com/topics/convolutional-neural-networks},
note = {Accessed on 23 November 2023},
}

@online{
saha:cnnMedium,
author = { Sumit Saha },
title = {A Comprehensive Guide to Convolutional Neural Networks — the ELI5 way},
year = {15.12.2018},
url = {https://towardsdatascience.com/a-comprehensive-guide-to-convolutional-neural-networks-the-eli5-way-3bd2b1164a53},
publisher = {Medium},
note = {Accessed on 23 November 2023},
}

@online{androidkt:mnistAndroidKT,
author = {AndroidKT},
title = {Extract images from MNIST idx3 ubyte file format in Python},
year = {11.06.2023},
url = {https://androidkt.com/extract-images-from-mnist-idx3-ubyte-file-format-in-python/},
note = {Accessed on 23 November 2023},
publisher = {AndroidKT},
}


@online{
lecon;cortes;burges:mnistDatabase,
author = {Yann LeCun, Corinna Cortes, Christopher J.C. Burges},
title = {THE MNIST DATABASE of handwritten digits},
year = {22.06.2002},
url = {http://yann.lecun.com/exdb/mnist/},
publisher = {Courant Institute, NYU; Google Labs, New York; Microsoft Research, Redmond},
note = {Accessed on 23 November 2023},
}